% Encoding: UTF-8

@InProceedings{Dieleman2014,
  author        = {S. {Dieleman} and B. {Schrauwen}},
  title         = {End-to-end learning for music audio},
  booktitle     = {Proc. Speech and Signal Processing (ICASSP) 2014 IEEE Int. Conf. Acoustics},
  year          = {2014},
  pages         = {6964--6968},
  month         = may,
  __markedentry = {[tung:]},
  doi           = {10.1109/ICASSP.2014.6854950},
  keywords      = {content-based retrieval, learning (artificial intelligence), music, end-to-end learning, music audio, content-based music information retrieval tasks, convolutional neural networks training, automatic tagging task, spectrogram-based approach, frequency decompositions, raw audio, phase-and translation-invariant feature representations, Convolution, Spectrogram, Neural networks, Music information retrieval, Speech, Computer architecture, feature learning, end-to-end learning, convolutional neural networks, music information retrieval, automatic tagging},
}

@Article{Fyfe1995,
  author        = {Fyfe, Colin and Baddeley, Roland},
  title         = {Finding compact and sparse-distributed representations of visual images},
  journal       = {Network: Computation in Neural Systems},
  year          = {1995},
  volume        = {6},
  number        = {3},
  pages         = {333--344},
  __markedentry = {[tung:6]},
  publisher     = {Taylor \& Francis},
}

@Comment{jabref-meta: databaseType:bibtex;}
